00579cas a22002291a 4500
001 9917737573502836
003 Nz
005 20161223172952.0
008 031223d19711976nz  r ne      0   0 eng d
035    $a (Nz)8142195
035    $a (OCoLC)947774516
035    $a (NLNZils)1773757
035    $a (NLNZils)1773757-ilsdb
040    $a WN $c WN
042    $a nznb
043    $a u-nz---
245 00 $a Fitzroy news.
260    $a New Plymouth [N.Z.]
310    $a Monthly
362 0  $a 1971 Sep.-1976 May?
651  0 $a New Plymouth (N.Z.) $v Newspapers.
655  7 $a New Zealand newspapers. $2 local $5 Nz
